@article{worldmodels,
  title={World models},
  author={Ha, David and Schmidhuber, J{\"u}rgen},
  journal={arXiv preprint arXiv:1803.10122},
  year={2018}
}

@article{sac,
  title={Soft actor-critic: Off-policy maximum entropy deep reinforcement learning with a stochastic actor},
  author={Haarnoja, Tuomas and Zhou, Aurick and Abbeel, Pieter and Levine, Sergey},
  journal={arXiv preprint arXiv:1801.01290},
  year={2018}
}

@unpublished{MDN,
            type = {Technical Report},
           title = {Mixture density networks},
          author = {Christopher M. Bishop},
         address = {Birmingham},
       publisher = {Aston University},
            year = {1994},
        keywords = {NCRG sum-of-squares cross-entropy error function classifications problems coding scheme conditional probability distribution network models neural network mixture density model Mixture Density Network inverse kinematics},
             url = {http://publications.aston.ac.uk/id/eprint/373/}
}

@article{lstm,
  title={Long short-term memory},
  author={Hochreiter, Sepp and Schmidhuber, J{\"u}rgen},
  journal={Neural computation},
  volume={9},
  number={8},
  pages={1735--1780},
  year={1997},
  publisher={MIT Press}
}

@article{mdnrnn,
  title={Generating sequences with recurrent neural networks},
  author={Graves, Alex},
  journal={arXiv preprint arXiv:1308.0850},
  year={2013}
}

@article{vae1,
  title={Auto-encoding variational bayes},
  author={Kingma, Diederik P and Welling, Max},
  journal={arXiv preprint arXiv:1312.6114},
  year={2013}
}

@article{vae2,
  title={Stochastic backpropagation and approximate inference in deep generative models},
  author={Rezende, Danilo Jimenez and Mohamed, Shakir and Wierstra, Daan},
  journal={arXiv preprint arXiv:1401.4082},
  year={2014}
}

@article{gym,
  title={Openai gym},
  author={Brockman, Greg and Cheung, Vicki and Pettersson, Ludwig and Schneider, Jonas and Schulman, John and Tang, Jie and Zaremba, Wojciech},
  journal={arXiv preprint arXiv:1606.01540},
  year={2016},
}

@article{brain1,
    author = {Nortmann, Nora and Rekauzke, Sascha and Onat, Selim and KÃ¶nig, Peter and Jancke, Dirk},
    title = "{Primary Visual Cortex Represents the Difference Between Past and Present}",
    journal = {Cerebral Cortex},
    volume = {25},
    number = {6},
    pages = {1427-1440},
    year = {2013},
    month = {12},
    issn = {1047-3211},
    doi = {10.1093/cercor/bht318},
    url = {https://doi.org/10.1093/cercor/bht318},
    eprint = {http://oup.prod.sis.lan/cercor/article-pdf/25/6/1427/14102451/bht318.pdf},
}

@article{brain2,
  title={Motion-dependent representation of space in area MT+},
  author={Maus, Gerrit W and Fischer, Jason and Whitney, David},
  journal={Neuron},
  volume={78},
  number={3},
  pages={554--562},
  year={2013},
  publisher={Elsevier}
}

@misc{gym_duckietown,
  author = {Chevalier-Boisvert, Maxime and Golemo, Florian and Cao, Yanjun and Mehta, Bhairav and Paull, Liam},
  title = {Duckietown Environments for OpenAI Gym},
  year = {2018},
  publisher = {GitHub},
  journal = {GitHub repository},
  howpublished = {\url{https://github.com/duckietown/gym-duckietown}},
}